<record><leader>00000cas a2200000 a 4500</leader><controlfield tag="001">7052784</controlfield><controlfield tag="008">810108d19731981hiuwr ne      0   a0eng d</controlfield><datafield ind1=" " ind2=" " tag="010"><subfield code="a">sn 85047073 </subfield></datafield><datafield ind1=" " ind2=" " tag="040"><subfield code="a">WIH</subfield><subfield code="b">eng</subfield><subfield code="c">WIH</subfield><subfield code="d">HWN</subfield><subfield code="d">OCL</subfield><subfield code="d">OCLCQ</subfield><subfield code="d">OCLCF</subfield><subfield code="d">OCLCO</subfield></datafield><datafield ind1="1" ind2=" " tag="029"><subfield code="a">AU@</subfield><subfield code="b">000025835271</subfield></datafield><datafield ind1=" " ind2=" " tag="042"><subfield code="a">msc</subfield></datafield><datafield ind1=" " ind2=" " tag="043"><subfield code="a">n-us-hi</subfield></datafield><datafield ind1=" " ind2=" " tag="090"><subfield code="a">AN2</subfield><subfield code="b">.L34</subfield></datafield><datafield ind1="0" ind2="4" tag="245"><subfield code="a">The Maui sun.</subfield></datafield><datafield ind1=" " ind2=" " tag="260"><subfield code="a">Wailuku, Maui, Hawaii :</subfield><subfield code="b">Yellow Submarine Press,</subfield><subfield code="c">1973-1981.</subfield></datafield><datafield ind1=" " ind2=" " tag="300"><subfield code="a">10 v. :</subfield><subfield code="b">ill. ;</subfield><subfield code="c">35-58 cm.</subfield></datafield><datafield ind1=" " ind2=" " tag="310"><subfield code="a">Weekly</subfield></datafield><datafield ind1="0" ind2=" " tag="362"><subfield code="a">Year 3, issue 44 (Sept. 5, 1973)-year 12, issue 9 (Dec. 23, 1981).</subfield></datafield><datafield ind1=" " ind2=" " tag="500"><subfield code="a">Publisher varies.</subfield></datafield><datafield ind1=" " ind2=" " tag="525"><subfield code="a">Includes entertainment guide: Maui now.</subfield></datafield><datafield ind1=" " ind2=" " tag="530"><subfield code="a">Available on microfilm from the State Historical Society of Wisconsin.</subfield></datafield><datafield ind1=" " ind2="0" tag="651"><subfield code="a">Maui (Hawaii)</subfield><subfield code="v">Newspapers.</subfield></datafield><datafield ind1=" " ind2="7" tag="655"><subfield code="a">Newspapers.</subfield><subfield code="2">fast</subfield><subfield code="0">(OCoLC)fst01423814</subfield></datafield><datafield ind1=" " ind2="7" tag="651"><subfield code="a">Hawaii</subfield><subfield code="z">Maui.</subfield><subfield code="2">fast</subfield><subfield code="0">(OCoLC)fst01239574</subfield></datafield><datafield ind1="0" ind2=" " tag="730"><subfield code="a">Maui now.</subfield></datafield><datafield ind1=" " ind2=" " tag="752"><subfield code="a">United States</subfield><subfield code="b">Hawaii</subfield><subfield code="c">Maui</subfield><subfield code="d">Wailuku.</subfield></datafield><datafield ind1="0" ind2="0" tag="780"><subfield code="t">Lahaina sun (Lahaina, Hawaii : 1970)</subfield><subfield code="w">(DLC)sn 85047072</subfield><subfield code="w">(OCoLC)11890626</subfield></datafield></record>